<?xml version="1.0" encoding="UTF-8"?><collection xmlns="http://www.loc.gov/MARC21/slim"><record><leader>00673nam--2200193-i-4500</leader><controlfield tag="001">000013557</controlfield><controlfield tag="002">20161230</controlfield><controlfield tag="005">20161230201030</controlfield><controlfield tag="008">060222s1000------------r-----000-0-eng-d</controlfield><datafield ind1=" " ind2=" " tag="020"><subfield code="a">902771083X</subfield></datafield><datafield ind1=" " ind2=" " tag="040"><subfield code="a">IFIN-HH</subfield></datafield><datafield ind1=" " ind2=" " tag="080"><subfield code="a">531.51:539.12</subfield></datafield><datafield ind1="1" ind2=" " tag="100"><subfield code="a">Wesson , Paul S</subfield></datafield><datafield ind1="1" ind2="0" tag="245"><subfield code="a">Gravity, particles and astrophysics</subfield><subfield code="b">A review of modern teories of gravity and g-variability and their relation to elementary particle physics and astrophysics</subfield><subfield code="c">Paul s. wesson</subfield></datafield><datafield ind1=" " ind2=" " tag="260"><subfield code="a">Dordrecht</subfield><subfield code="b">D.Reidel Publishing Company</subfield><subfield code="c">1980</subfield></datafield><datafield ind1=" " ind2=" " tag="300"><subfield code="a">VIII +188P</subfield></datafield><datafield ind1=" " ind2=" " tag="490"><subfield code="a">Astrophysics And Space Science Library</subfield><subfield code="v">Volume 79</subfield></datafield><datafield ind1=" " ind2=" " tag="852"><subfield code="a">44737</subfield><subfield code="c">523</subfield></datafield><datafield ind1=" " ind2=" " tag="CAT"><subfield code="a">Sys</subfield><subfield code="c">20130830</subfield><subfield code="h">112154</subfield></datafield></record></collection>